<?xml version="1.0" encoding="UTF-8"?><collection xmlns="http://www.loc.gov/MARC21/slim"><record><leader>00340nam--2200121-i-4500</leader><controlfield tag="001">000027905</controlfield><controlfield tag="002">20161230</controlfield><controlfield tag="005">20161230201037</controlfield><controlfield tag="008">060222s1000------------r-----000-0-eng-d</controlfield><datafield ind1=" " ind2=" " tag="100"><subfield code="a">Lee, B. W</subfield></datafield><datafield ind1=" " ind2=" " tag="245"><subfield code="a">Extension of thet = 1/2 rule for nonleptonic hyperon decays</subfield></datafield><datafield ind1=" " ind2=" " tag="260"><subfield code="a">/Washington, U.S.Atomic Energy Commis., 1964/, 13p</subfield></datafield><datafield ind1=" " ind2=" " tag="852"><subfield code="a">19840</subfield></datafield></record></collection>